<zs:record>
      <zs:recordPacking>xml</zs:recordPacking>
      <zs:recordData>
        <record xmlns="http://www.loc.gov/MARC21/slim">
          <leader>00504nz a2200121 4500</leader>
          <controlfield tag="001">30006639</controlfield>
          <controlfield tag="003">RISM</controlfield>
          <controlfield tag="005">20121108</controlfield>
          <controlfield tag="008">121108n||az|||||||##########||||||||||||</controlfield>
          <datafield tag="043" ind1=" " ind2=" ">
            <subfield code="c">Switzerland</subfield>
          </datafield>
          <datafield tag="110" ind1="2" ind2=" ">
            <subfield code="a">Archivio di Stato, Staatsarchiv des Kantons Tessin &lt;Langsam mit innigem
              Vortrag&gt;</subfield>
            <subfield code="c">Bellinzona</subfield>
            <subfield code="g">CH-BELa</subfield>
          </datafield>
          <datafield tag="622" ind1=" " ind2=" ">
            <subfield code="e">Archivio di Stato, Staatsarchiv des, Kantons Tessin &lt;Langsam mit innigem, Vortrag&gt;,
              Viale S. Franscini 30a, CH-6500, Bellinzona, CH -</subfield>
            <subfield code="u">http://www.ti.ch/desc/dc/ArcC/</subfield>
          </datafield>
          <datafield tag="852" ind1="2" ind2=" ">
            <subfield code="b">46.1984944, 9.0269178</subfield>
          </datafield>
          <idzebra xmlns="http://www.indexdata.dk/zebra/">
            <size>504</size>
            <score>680</score>
            <localnumber>836297</localnumber>
            <filename>sigla/sigla.mrc</filename>
          </idzebra>
        </record>
      </zs:recordData>
      <zs:recordPosition>176</zs:recordPosition>
    </zs:record>