<zs:record>
      <zs:recordPacking>xml</zs:recordPacking>
      <zs:recordData>
        <record xmlns="http://www.loc.gov/MARC21/slim">
          <leader>00463nz a2200121 4500</leader>
          <controlfield tag="001">30002632</controlfield>
          <controlfield tag="003">RISM</controlfield>
          <controlfield tag="005">20121108</controlfield>
          <controlfield tag="008">121108n||az|||||||##########||||||||||||</controlfield>
          <datafield tag="043" ind1=" " ind2=" ">
            <subfield code="c">Switzerland</subfield>
          </datafield>
          <datafield tag="110" ind1="2" ind2=" ">
            <subfield code="a">Bibelsammlung der Basler Bibelgesellschaft &lt;Basel&gt;</subfield>
            <subfield code="c">Basel</subfield>
            <subfield code="g">CH-Bb</subfield>
          </datafield>
          <datafield tag="622" ind1=" " ind2=" ">
            <subfield code="e">Bibelsammlung der Basler, Bibelgesellschaft, Sekretariat der Basler, Bibelgesellschaft,
              Martinskirchplatz 2,, Basel, CH -</subfield>
            <subfield code="u">http://www.basler-bibelgesellschaft.ch/</subfield>
          </datafield>
          <datafield tag="852" ind1="2" ind2=" ">
            <subfield code="b">47.557421, 7.5925727</subfield>
          </datafield>
          <idzebra xmlns="http://www.indexdata.dk/zebra/">
            <size>463</size>
            <score>680</score>
            <localnumber>831924</localnumber>
            <filename>sigla/sigla.mrc</filename>
          </idzebra>
        </record>
      </zs:recordData>
      <zs:recordPosition>64</zs:recordPosition>
    </zs:record>