<zs:record>
      <zs:recordPacking>xml</zs:recordPacking>
      <zs:recordData>
        <record xmlns="http://www.loc.gov/MARC21/slim">
          <leader>00451nz a2200121 4500</leader>
          <controlfield tag="001">30000497</controlfield>
          <controlfield tag="003">RISM</controlfield>
          <controlfield tag="005">20121108</controlfield>
          <controlfield tag="008">121108n||az|||||||##########||||||||||||</controlfield>
          <datafield tag="043" ind1=" " ind2=" ">
            <subfield code="c">Switzerland</subfield>
          </datafield>
          <datafield tag="110" ind1="2" ind2=" ">
            <subfield code="a">Bibliothek des Musikwissenschaftlichen Instituts der Universität Basel</subfield>
            <subfield code="c">Basel</subfield>
            <subfield code="g">CH-Bmi</subfield>
          </datafield>
          <datafield tag="622" ind1=" " ind2=" ">
            <subfield code="e">Bibliothek des Musikwissenschaftlichen, Instituts der Universität Basel, Petersgraben 27,
              CH-4000 Basel, CH -</subfield>
            <subfield code="u">http://www.unibas.ch/mwi</subfield>
          </datafield>
          <datafield tag="688" ind1="2" ind2=" ">
            <subfield code="a">Series B: Bs</subfield>
          </datafield>
          <idzebra xmlns="http://www.indexdata.dk/zebra/">
            <size>451</size>
            <score>680</score>
            <localnumber>835589</localnumber>
            <filename>sigla/sigla.mrc</filename>
          </idzebra>
        </record>
      </zs:recordData>
      <zs:recordPosition>161</zs:recordPosition>
    </zs:record>