<zs:record>
      <zs:recordPacking>xml</zs:recordPacking>
      <zs:recordData>
        <record xmlns="http://www.loc.gov/MARC21/slim">
          <leader>00556nz a2200169 4500</leader>
          <controlfield tag="001">30000234</controlfield>
          <controlfield tag="003">RISM</controlfield>
          <controlfield tag="005">20121108</controlfield>
          <controlfield tag="008">121108n||az|||||||##########||||||||||||</controlfield>
          <datafield tag="043" ind1=" " ind2=" ">
            <subfield code="c">Switzerland</subfield>
          </datafield>
          <datafield tag="110" ind1="2" ind2=" ">
            <subfield code="a">Conservatoire de Musique, Bibliothèque</subfield>
            <subfield code="c">Genève</subfield>
            <subfield code="g">CH-Gc</subfield>
          </datafield>
          <datafield tag="410" ind1="2" ind2=" ">
            <subfield code="a">Bibliothèque du Conservatoire</subfield>
          </datafield>
          <datafield tag="410" ind1="2" ind2=" ">
            <subfield code="a">Conservatoire de Musique</subfield>
          </datafield>
          <datafield tag="410" ind1="2" ind2=" ">
            <subfield code="a">Bibliothèque du Conservatoire de Musique</subfield>
          </datafield>
          <datafield tag="622" ind1=" " ind2=" ">
            <subfield code="e">Conservatoire de Musique, Bibliothèque, Place Neuve, CH-1204 Genève, CH -</subfield>
            <subfield code="u">http://www.cmusge.ch</subfield>
          </datafield>
          <datafield tag="670" ind1="2" ind2=" ">
            <subfield code="a">979</subfield>
          </datafield>
          <datafield tag="852" ind1="2" ind2=" ">
            <subfield code="b">46.1983922, 6.1422961</subfield>
          </datafield>
          <idzebra xmlns="http://www.indexdata.dk/zebra/">
            <size>556</size>
            <score>680</score>
            <localnumber>836376</localnumber>
            <filename>sigla/sigla.mrc</filename>
          </idzebra>
        </record>
      </zs:recordData>
      <zs:recordPosition>178</zs:recordPosition>
    </zs:record>