<zs:record>
      <zs:recordPacking>xml</zs:recordPacking>
      <zs:recordData>
        <record xmlns="http://www.loc.gov/MARC21/slim">
          <leader>00541nz a2200133 4500</leader>
          <controlfield tag="001">30002645</controlfield>
          <controlfield tag="003">RISM</controlfield>
          <controlfield tag="005">20121108</controlfield>
          <controlfield tag="008">121108n||az|||||||##########||||||||||||</controlfield>
          <datafield tag="043" ind1=" " ind2=" ">
            <subfield code="c">Switzerland</subfield>
          </datafield>
          <datafield tag="110" ind1="2" ind2=" ">
            <subfield code="a">Provinzarchiv Schweizer Kapuziner</subfield>
            <subfield code="c">Luzern</subfield>
            <subfield code="g">CH-Lw</subfield>
          </datafield>
          <datafield tag="410" ind1="2" ind2=" ">
            <subfield code="a">Bibliothek des Kapuzinerklosters Wesemlin und Archiv der schweizerischen
              Kapuziner-Provinz</subfield>
          </datafield>
          <datafield tag="622" ind1=" " ind2=" ">
            <subfield code="e">Provinzarchiv Schweizer Kapuziner, Wesemlinstr. 42, 6006 Luzern, Switzerland</subfield>
            <subfield code="u">http://www.kapuziner.de/sprov/de/archive_bibliothek/index.php?navid=76</subfield>
          </datafield>
          <datafield tag="852" ind1="2" ind2=" ">
            <subfield code="b">47.0617144, 8.3133462</subfield>
          </datafield>
          <idzebra xmlns="http://www.indexdata.dk/zebra/">
            <size>541</size>
            <score>680</score>
            <localnumber>830205</localnumber>
            <filename>sigla/sigla.mrc</filename>
          </idzebra>
        </record>
      </zs:recordData>
      <zs:recordPosition>24</zs:recordPosition>
    </zs:record>