<zs:record>
      <zs:recordPacking>xml</zs:recordPacking>
      <zs:recordData>
        <record xmlns="http://www.loc.gov/MARC21/slim">
          <leader>00367nz a2200121 4500</leader>
          <controlfield tag="001">30000010</controlfield>
          <controlfield tag="003">RISM</controlfield>
          <controlfield tag="005">20121108</controlfield>
          <controlfield tag="008">121108n||az|||||||##########||||||||||||</controlfield>
          <datafield tag="043" ind1=" " ind2=" ">
            <subfield code="c">Switzerland</subfield>
          </datafield>
          <datafield tag="110" ind1="2" ind2=" ">
            <subfield code="a">Frauenkloster St. Johann</subfield>
            <subfield code="c">Müstair</subfield>
            <subfield code="g">CH-MÜ</subfield>
          </datafield>
          <datafield tag="622" ind1=" " ind2=" ">
            <subfield code="e">Frauenkloster St. Johann, 7537 Müstair, Switzerland</subfield>
            <subfield code="u">http://www.kath.de/gruenewald/kloster/muestair.htm</subfield>
          </datafield>
          <datafield tag="670" ind1="2" ind2=" ">
            <subfield code="a">1082</subfield>
          </datafield>
          <idzebra xmlns="http://www.indexdata.dk/zebra/">
            <size>367</size>
            <score>680</score>
            <localnumber>831272</localnumber>
            <filename>sigla/sigla.mrc</filename>
          </idzebra>
        </record>
      </zs:recordData>
      <zs:recordPosition>46</zs:recordPosition>
    </zs:record>