<zs:record>
      <zs:recordPacking>xml</zs:recordPacking>
      <zs:recordData>
        <record xmlns="http://www.loc.gov/MARC21/slim">
          <leader>00540nz a2200133 4500</leader>
          <controlfield tag="001">30000531</controlfield>
          <controlfield tag="003">RISM</controlfield>
          <controlfield tag="005">20121108</controlfield>
          <controlfield tag="008">121108n||az|||||||##########||||||||||||</controlfield>
          <datafield tag="043" ind1=" " ind2=" ">
            <subfield code="c">Switzerland</subfield>
          </datafield>
          <datafield tag="110" ind1="2" ind2=" ">
            <subfield code="a">Bibliothèque cantonale jurasienne (incl. Bibliothèque du lycée cantonal)</subfield>
            <subfield code="c">Porrentruy</subfield>
            <subfield code="g">CH-P</subfield>
          </datafield>
          <datafield tag="410" ind1="2" ind2=" ">
            <subfield code="a">Bibliothèque générale de l'École cantonale</subfield>
          </datafield>
          <datafield tag="622" ind1=" " ind2=" ">
            <subfield code="e">Bibliothèque cantonale jurasienne, (incl. Bibliothèque du lycée cantonal), Rue Pierre
              Pequignat 8, Hôtel des, Halles, CH-2900 Porrentruy, CH -</subfield>
          </datafield>
          <datafield tag="852" ind1="2" ind2=" ">
            <subfield code="b">47.4173938, 7.0752875</subfield>
          </datafield>
          <idzebra xmlns="http://www.indexdata.dk/zebra/">
            <size>540</size>
            <score>680</score>
            <localnumber>835316</localnumber>
            <filename>sigla/sigla.mrc</filename>
          </idzebra>
        </record>
      </zs:recordData>
      <zs:recordPosition>151</zs:recordPosition>
    </zs:record>