<zs:record>
      <zs:recordPacking>xml</zs:recordPacking>
      <zs:recordData>
        <record xmlns="http://www.loc.gov/MARC21/slim">
          <leader>00388nz a2200145 4500</leader>
          <controlfield tag="001">30000540</controlfield>
          <controlfield tag="003">RISM</controlfield>
          <controlfield tag="005">20121108</controlfield>
          <controlfield tag="008">121108n||az|||||||##########||||||||||||</controlfield>
          <datafield tag="043" ind1=" " ind2=" ">
            <subfield code="c">Switzerland</subfield>
          </datafield>
          <datafield tag="110" ind1="2" ind2=" ">
            <subfield code="a">Musikalienbestand der Kathedrale St. Urs</subfield>
            <subfield code="c">Solothurn</subfield>
            <subfield code="g">CH-SOu</subfield>
          </datafield>
          <datafield tag="580" ind1=" " ind2=" ">
            <subfield code="x">CH-SO</subfield>
            <subfield code="0">30000012</subfield>
          </datafield>
          <datafield tag="680" ind1="2" ind2=" ">
            <subfield code="i">Depositum in CH-SO.</subfield>
          </datafield>
          <datafield tag="688" ind1="2" ind2=" ">
            <subfield code="a">Series A/I: SO-u</subfield>
          </datafield>
          <datafield tag="710" ind1="2" ind2=" ">
            <subfield code="a">Kathedrale St. Urs</subfield>
            <subfield code="0">30022759</subfield>
          </datafield>
          <idzebra xmlns="http://www.indexdata.dk/zebra/">
            <size>388</size>
            <score>680</score>
            <localnumber>833127</localnumber>
            <filename>sigla/sigla.mrc</filename>
          </idzebra>
        </record>
      </zs:recordData>
      <zs:recordPosition>100</zs:recordPosition>
    </zs:record>