<zs:record>
      <zs:recordPacking>xml</zs:recordPacking>
      <zs:recordData>
        <record xmlns="http://www.loc.gov/MARC21/slim">
          <leader>00641nz a2200169 4500</leader>
          <controlfield tag="001">30000552</controlfield>
          <controlfield tag="003">RISM</controlfield>
          <controlfield tag="005">20121108</controlfield>
          <controlfield tag="008">121108n||az|||||||##########||||||||||||</controlfield>
          <datafield tag="043" ind1=" " ind2=" ">
            <subfield code="c">Switzerland</subfield>
          </datafield>
          <datafield tag="110" ind1="2" ind2=" ">
            <subfield code="a">Schweizerisches Musik-Archiv</subfield>
            <subfield code="c">Zürich</subfield>
            <subfield code="g">CH-Zma</subfield>
          </datafield>
          <datafield tag="410" ind1="2" ind2=" ">
            <subfield code="a">Zentralarchiv Schweizerischer Tonkunst</subfield>
          </datafield>
          <datafield tag="580" ind1=" " ind2=" ">
            <subfield code="x">CH-Nf</subfield>
            <subfield code="0">30005664</subfield>
          </datafield>
          <datafield tag="622" ind1=" " ind2=" ">
            <subfield code="e">Schweizerisches Musik-Archiv, Bellariastrasse 82, 8038 Zürich, Switzerland</subfield>
            <subfield code="u">http://www.swissmusic.net/index.php?option=com_suisacontacts&amp;view=suisacontact&amp;task=view&amp;id=1633&amp;Itemid=79&amp;lang=en</subfield>
          </datafield>
          <datafield tag="680" ind1="2" ind2=" ">
            <subfield code="i">Seit 1989 unter dem Dach der SUISA.</subfield>
          </datafield>
          <datafield tag="688" ind1="2" ind2=" ">
            <subfield code="a">Series B: Zt</subfield>
          </datafield>
          <datafield tag="852" ind1="2" ind2=" ">
            <subfield code="b">47.367347, 8.5500025</subfield>
          </datafield>
          <idzebra xmlns="http://www.indexdata.dk/zebra/">
            <size>641</size>
            <score>680</score>
            <localnumber>833133</localnumber>
            <filename>sigla/sigla.mrc</filename>
          </idzebra>
        </record>
      </zs:recordData>
      <zs:recordPosition>106</zs:recordPosition>
    </zs:record>