<zs:record>
      <zs:recordPacking>xml</zs:recordPacking>
      <zs:recordData>
        <record xmlns="http://www.loc.gov/MARC21/slim">
          <leader>00733nz a2200181 4500</leader>
          <controlfield tag="001">30000014</controlfield>
          <controlfield tag="003">RISM</controlfield>
          <controlfield tag="005">20121108</controlfield>
          <controlfield tag="008">121108n||az|||||||##########||||||||||||</controlfield>
          <datafield tag="043" ind1=" " ind2=" ">
            <subfield code="c">Switzerland</subfield>
          </datafield>
          <datafield tag="110" ind1="2" ind2=" ">
            <subfield code="a">Zentralbibliothek, Musikabteilung</subfield>
            <subfield code="c">Zürich</subfield>
            <subfield code="g">CH-Zz</subfield>
          </datafield>
          <datafield tag="410" ind1="2" ind2=" ">
            <subfield code="a">Kantons-, Stadt- und Universitätsbibliothek</subfield>
          </datafield>
          <datafield tag="410" ind1="2" ind2=" ">
            <subfield code="a">Zentralbibliothek und Bibliothek der Allgemeinen Musikgesellschaft</subfield>
          </datafield>
          <datafield tag="410" ind1="2" ind2=" ">
            <subfield code="a">Zentralbibliothek, Handschriftenabteilung</subfield>
          </datafield>
          <datafield tag="410" ind1="2" ind2=" ">
            <subfield code="a">Zentralbibliothek, Musikabteilung</subfield>
          </datafield>
          <datafield tag="622" ind1=" " ind2=" ">
            <subfield code="e">Zentralbibliothek, Musikabteilung, Chor der Predigerkirche, Predigerplatz 33, 8001
              Zürich, Switzerland</subfield>
            <subfield code="u">http://www.zb.unizh.ch/spezialsammlungen/musikabteilung/index.html.de</subfield>
          </datafield>
          <datafield tag="670" ind1="2" ind2=" ">
            <subfield code="a">2704</subfield>
          </datafield>
          <datafield tag="852" ind1="2" ind2=" ">
            <subfield code="b">47.367347, 8.5500025</subfield>
          </datafield>
          <idzebra xmlns="http://www.indexdata.dk/zebra/">
            <size>733</size>
            <score>680</score>
            <localnumber>831275</localnumber>
            <filename>sigla/sigla.mrc</filename>
          </idzebra>
        </record>
      </zs:recordData>
      <zs:recordPosition>49</zs:recordPosition>
    </zs:record></zs:records>
</zs:searchRetrieveResponse>
